
% comm pure appl math ====================

@article{daubechies:cpam2010,
  title = {{Iteratively reweighted least squares minimization
            for sparse recovery}},
  author = {Daubechies, I. and
            DeVore, R. and
            Fornasier, M. and
            G{\"u}nt{\"u}rk, C. S.},
  journal = {Comm. Pure Appl. Math.},
  volume = {63},
  year = {2010},
  pages = {1--38}
}

% concepts in magnetic resonance ====================

@article{worley:cmr2018,
  title = {{Variational Bayesian analysis of nonuniformly
            sampled NMR data}},
  author = {Worley, B.},
  journal = {Concepts Magn. Reson. Part A},
  volume = {46A},
  year = {2018},
  pages = {e21428}
}

% journal of biomolecular nmr ====================

@article{sun:jbnmr2015,
  title = {{Efficient and generalized processing of multidimensional
            NUS NMR data: the NESTA algorithm and comparison of
            regularization terms}},
  author = {Sun, S. and
            Gill, M. and
            Li, Y. and
            Huang, M. and
            Byrd, R.~A.},
  journal = {J. Biomol. NMR},
  volume = {62},
  year = {2015},
  pages = {105--117}
}

% journal of magnetic resonance ====================

@article{stern:jmr2007,
  title = {{NMR data processing using iterative thresholding and
            minimum L1 norm reconstruction}},
  author = {Stern, A. S. and
            Donoho, D. L. and
            Hoch, J. S.},
  journal = {J. Magn. Reson.},
  volume = {188},
  year = {2007},
  pages = {295--300}
}

@article{kazimierczuk:jmr2011,
  title = {{A comparison of convex and non-convex compressed
            sensing applied to multidimensional NMR}},
  author = {Kazimierczuk, K. and
            Orekhov, V. Y.},
  journal = {J. Magn. Reson.},
  volume = {223},
  year = {2011},
  pages = {1--10}
}

@article{worley:jmr2016,
  title = {{Convex accelerated maximum entropy reconstruction}},
  author = {Worley, B.},
  journal = {J. Magn. Reson.},
  volume = {265},
  year = {2016},
  pages = {90--98}
}

@article{hoch:jmr2017,
  title = {{Beyond Fourier}},
  author = {Hoch, J. C.},
  journal = {J. Magn. Reson.},
  volume = {283},
  year = {2017},
  pages = {117--123}
}

% siam ====================

@article{beck:siam2009,
  title = {{A fast iterative shrinkage-thresholding algorithm
            for linear inverse problems}},
  author = {Beck, A. and
            Teboulle, M.},
  journal = {SIAM J. Imaging Sci.},
  volume = {2},
  year = {2009},
  pages = {183--202}
}

@article{becker:siam2011,
  title = {{NESTA: a fast and accurate first-order method for
            sparse recovery}},
  author = {Becker, S. and
            Bobin, J. and
            Cand{\`e}s, E. J.},
  journal = {SIAM J. Imaging Sci.},
  volume = {4},
  year = {2011},
  pages = {1--39}
}

% ==================== books ====================

@book{ohagan2004,
  title = {{Bayesian Inference}},
  author = {O'Hagan, A. and
            Forster, J.},
  series = {{Kendall's advanced theory of statistics}},
  publisher = {Edward Arnold},
  volume = {2B},
  year = {2004}
}

@book{bishop2007,
  title = {{Pattern Recognition and Machine Learning}},
  author = {Bishop, C.},
  publisher = {Springer},
  year = {2007}
}
